@inproceedings{bergnerirt,
  author = {Bergner, Yoav and Droschler, Stefan and Kortemeyer, Gerd and Rayyan, Saif and Seaton, Daniel and Pritchard, David},
  biburl = {http://www.bibsonomy.org/bibtex/2e0b8b24a73923373fb62c04e2c5ac77c/dblp},
  booktitle = {EDM},
  crossref = {edm2012},
  editor = {Yacef, Kalina and Za•ane, Osmar R. and Hershkovitz, Arnon and Yudelson, Michael and Stamper, John C.},
  ee = {http://educationaldatamining.org/EDM2012/uploads/procs/Full_Papers/edm2012_full_4.pdf},
  interhash = {edda4b85125b04f30ad4e3b5564301fc},
  intrahash = {e0b8b24a73923373fb62c04e2c5ac77c},
  isbn = {978-1-74210-276-4},
  keywords = {dblp},
  pages = {95-102}
  }
  

@inproceedings{yudelsonKG13,
  author    = {Michael Yudelson and
               Kenneth R. Koedinger and
               Geoffrey J. Gordon},
  title     = {Individualized Bayesian Knowledge Tracing Models},
  booktitle = {Artificial Intelligence in Education - 16th International
               Conference (AIED 2013)},
  year      = {2013},
  pages     = {171-180},
  ee        = {http://dx.doi.org/10.1007/978-3-642-39112-5_18},
  address={Memphis, TN},
    publisher = {Springer}
}

@proceedings{aied2013,
  editor    = {H. Chad Lane and
               Kalina Yacef and
               Jack Mostow and
               Philip I. Pavlik},
  title     = {Artificial Intelligence in Education - 16th International
               Conference, AIED 2013, Memphis, TN, USA, July 9-13, 2013.
               Proceedings},
  booktitle = {AIED},
  publisher = {Springer},
  series    = {Lecture Notes in Computer Science},
  volume    = {7926},
  year      = {2013},
  isbn      = {978-3-642-39111-8},
  ee        = {http://dx.doi.org/10.1007/978-3-642-39112-5},
  bibsource = {DBLP, http://dblp.uni-trier.de}
}



@inproceedings{yanbo:multiple,
  author = {Xu, Yanbo and Mostow, Jack},
  title = {{Comparison of methods to trace multiple subskills: Is LR-DBN best?}} ,
  year={2012},
  pages = {41-48},
  url = {http://educationaldatamining.org/EDM2012/uploads/procs/Full_Papers/edm2012_full_17.pdf},
  editor    = {Kalina Yacef and
               Osmar R. Za\"{\i}ane and
               Arnon Hershkovitz and
               Michael Yudelson and
               John C. Stamper},
  booktitle     = {Proceedings of the 5th International Conference on Educational
               Data Mining},
  address={Chania, Greece},
  publisher = {www.educationaldatamining.org},
  }  

@inproceedings{brunskill:indiv,
  author    = {Jung In Lee and
               Emma Brunskill},
  title     = {The Impact on Individualizing Student Models on Necessary
               Practice Opportunities},
  year      = {2012},
  pages     = {118-125},
  url        = {http://educationaldatamining.org/EDM2012/uploads/procs/Full_Papers/edm2012_full_11.pdf},
  editor    = {Kalina Yacef and
               Osmar R. Za\"{\i}ane and
               Arnon Hershkovitz and
               Michael Yudelson and
               John C. Stamper},
  booktitle     = {Proceedings of the 5th International Conference on Educational
               Data Mining},
  address={Chania, Greece},
  publisher = {www.educationaldatamining.org}
}

@inproceedings{dct2012,
  author={  Gonz\'{a}lez-Brenes, Jos\'{e} P. and Mostow, Jack},
  title     = {{Dynamic Cognitive Tracing: Towards Unified Discovery of Student and Cognitive Models}},
 pages={49--56},
 editor    = {Kalina Yacef and
               Osmar R. Za\"{\i}ane and
               Arnon Hershkovitz and
               Michael Yudelson and
               John C. Stamper},
  booktitle     = {Proceedings of the 5th International Conference on Educational
               Data Mining},
  address={Chania, Greece},
  publisher = {www.educationaldatamining.org},
  year      = {2012},

}


@proceedings{edm2012XX,
  editor    = {Kalina Yacef and
               Osmar R. Za\"{\i}ane and
               Arnon Hershkovitz and
               Michael Yudelson and
               John C. Stamper},
  title     = {Proceedings of the 5th International Conference on Educational
               Data Mining},
  address={Chania, Greece},
  publisher = {www.educationaldatamining.org},
  year      = {2012},
  isbn      = {978-1-74210-276-4},
  ee        = {http://educationaldatamining.org/EDM2012/index.php?page=proceedings},
  bibsource = {DBLP, http://dblp.uni-trier.de}
}



@inproceedings{mfpriors,
 author = {Zhang, Liang and Agarwal, Deepak and Chen, Bee-Chung},
 title = {Generalizing matrix factorization through flexible regression priors},
 booktitle = {Proceedings of the fifth ACM conference on Recommender systems},
 series = {RecSys '11},
 year = {2011},
 isbn = {978-1-4503-0683-6},
 location = {Chicago, Illinois, USA},
 pages = {13--20},
 numpages = {8},
 url = {http://doi.acm.org/10.1145/2043932.2043940},
 acmid = {2043940},
 publisher = {ACM},
 address = {New York, NY, USA},
 keywords = {latent factor, matrix factorization, recommender systems, regression priors, tree models},
} 


@inproceedings{cdmsimstudent,
  author    = {Nan Li and
               William W. Cohen and
               Kenneth R. Koedinger and
               Noboru Matsuda},
  title     = {A Machine Learning Approach for Automatic Student Model
               Discovery},
  editor={{M. Pechenizkiy and T. Calders and C. Conati and S. Ventura and C. Romero and  J. Stamper}},
 year={2011},
 booktitle={{Proceedings of the 4th International Conference on Educational Data Mining}},
  pages     = {31-40},
  address= {Eindhoven, Netherlands },
  ee        = {http://educationaldatamining.org/EDM2011/wp-content/uploads/proc/edm2011_paper15_full_Li.pdf},
  crossref  = {edm2011},
  bibsource = {DBLP, http://dblp.uni-trier.de}
}



@inproceedings{koedinger2012learning,
  title={{Learning to think: Cognitive mechanisms of knowledge transfer}},
  author={Koedinger, Kenneth R and Roll},
  crossref={holyoak2012oxford},
  pages={789--806},
  year={2012}
}

@proceedings{holyoak2012oxford,
	bookauthor = {Holyoak, K.J. and Morrison, R.G.},
	Isbn = {9780199734689},
	Publisher = {OUP USA},
	Series = {Oxford Library of Psychology},
	booktitle = {The Oxford Handbook of Thinking and Reasoning},
	Year = {2012},
}




@article{junker2001cognitive,
  title={Cognitive assessment models with few assumptions, and connections with nonparametric item response theory},
  author={Junker, Brian W and Sijtsma, Klaas},
  journal={Applied Psychological Measurement},
  volume={25},
  number={3},
  pages={258--272},
  year={2001},
  publisher={Sage Publications}
}

@misc{corbett,
  author = "Corbett, Albert",
  year = "2013",
  month="April",
  howpublished = "personal communication"
}

@article{chiu2009cluster,
  title={Cluster analysis for cognitive diagnosis: Theory and applications},
  author={Chiu, Chia-Yi and Douglas, Jeffrey A and Li, Xiaodong},
  journal={Psychometrika},
  volume={74},
  number={4},
  pages={633--665},
  year={2009},
  publisher={Springer}
}


@inproceedings{hinneburg2012topicexplorer,
  title={{TopicExplorer: Exploring document collections with topic models}},
  author = {Hinneburg, Alexander and Preiss, Rico and Schr\"{o}der, Ren{\'e}},
 booktitle = {Proceedings of the 2012 European conference on Machine Learning and Knowledge Discovery in Databases - Volume Part II},
 series = {ECML PKDD'12},
 year = {2012},
 isbn = {978-3-642-33485-6},
 location = {Bristol, UK},
 pages = {838--841},
 numpages = {4},
 url = {http://dx.doi.org/10.1007/978-3-642-33486-3_59},
 acmid = {2405814},
 publisher = {Springer-Verlag},
 address = {Berlin, Heidelberg},
 keywords = {document browser, topic model},
} 

@article{mirtparadox,
  title={{Paradoxical results in multidimensional Item Response Theory}},
  author={Hooker, Giles and Finkelman, Matthew and Schwartzman, Armin},
  journal={Psychometrika},
  volume={74},
  number={3},
  pages={419--442},
  year={2009},
  publisher={Springer}
}

@article{shallowdeepfeatures,
title = "Categorization and representation of physics problems by experts and novices ",
journal = "Cognitive Science ",
volume = "5",
number = "2",
pages = "121 -- 152",
year = "1981",
url = "http://www.sciencedirect.com/science/article/pii/S0364021381800298",
author = "Michelene T.H. Chi and Paul J. Feltovich and Robert Glaser"
}



@inproceedings{stanford_time,
 author = {Angeli, Gabor and Manning, Christopher D. and Jurafsky, Daniel},
 title = {Parsing time: learning to interpret time expressions},
 booktitle = {Proceedings of the 2012 Conference of the North American Chapter of the Association for Computational Linguistics: Human Language Technologies},
 series = {NAACL HLT '12},
 year = {2012},
 location = {Montreal, Canada},
 pages = {446--455},
 numpages = {10},
 url = {http://dl.acm.org/citation.cfm?id=2382029.2382092},
 acmid = {2382092},
 publisher = {Association for Computational Linguistics},
 address = {Stroudsburg, PA, USA},
} 


@inproceedings{stanford_pos1,
 author = {Toutanova, Kristina and Klein, Dan and Manning, Christopher D. and Singer, Yoram},
 title = {Feature-rich part-of-speech tagging with a cyclic dependency network},
 booktitle = {Proceedings of the 2003 Conference of the North American Chapter of the Association for Computational Linguistics on Human Language Technology - Volume 1},
 series = {NAACL '03},
 year = {2003},
 location = {Edmonton, Canada},
 pages = {173--180},
 numpages = {8},
 url = {http://dx.doi.org/10.3115/1073445.1073478},
 acmid = {1073478},
 publisher = {Association for Computational Linguistics},
 address = {Stroudsburg, PA, USA},
} 


@inproceedings{stanford_pos2,
 author = {Toutanova, Kristina and Manning, Christopher D.},
 title = {Enriching the knowledge sources used in a maximum entropy part-of-speech tagger},
 booktitle = {Proceedings of the 2000 Joint SIGDAT conference on Empirical methods in natural language processing and very large corpora: held in conjunction with the 38th Annual Meeting of the Association for Computational Linguistics},
 series = {EMNLP '00},
 year = {2000},
 location = {Hong Kong},
 pages = {63--70},
 numpages = {8},
 url = {http://dx.doi.org/10.3115/1117794.1117802},
 acmid = {1117802},
 publisher = {Association for Computational Linguistics},
 address = {Stroudsburg, PA, USA},
} 


@inproceedings{stanford_ner,
 author = {Finkel, Jenny Rose and Grenager, Trond and Manning, Christopher},
 title = {Incorporating non-local information into information extraction systems by Gibbs sampling},
 booktitle = {Proceedings of the 43rd Annual Meeting on Association for Computational Linguistics},
 series = {ACL '05},
 year = {2005},
 location = {Ann Arbor, Michigan},
 pages = {363--370},
 numpages = {8},
 url = {http://dx.doi.org/10.3115/1219840.1219885},
 acmid = {1219885},
 publisher = {Association for Computational Linguistics},
 address = {Stroudsburg, PA, USA},
} 

@article{nnmf,
      address = {Bell Laboratories, Lucent Technologies, Murray Hill, New Jersey 07974, USA.},
    author = {Lee, Daniel D. and Seung, H. Sebastian},
    day = {21},
    issn = {0028-0836},
    journal = {Nature},
    keywords = {feature, nlp-reading, semantic},
    month = oct,
    number = {6755},
    pages = {788--791},
    pmid = {10548103},
    posted-at = {2006-05-05 05:40:02},
    priority = {0},
    publisher = {Nature Publishing Group},
    title = {{Learning the parts of objects by non-negative matrix factorization}},
    url = {http://dx.doi.org/10.1038/44565},
    volume = {401},
    year = {1999}
}

@inproceedings{binarymf,
 author = {Zhang, Zhongyuan and Li, Tao and Ding, Chris and Zhang, Xiangsun},
 title = {Binary Matrix Factorization with Applications},
 booktitle = {Proceedings of the 2007 Seventh IEEE International Conference on Data Mining},
 series = {ICDM '07},
 year = {2007},
 pages = {391--400},
 numpages = {10},
 url = {http://dx.doi.org/10.1109/ICDM.2007.99},
 acmid = {1442091},
 publisher = {IEEE Computer Society},
 address = {Washington, DC, USA},
} 


@inproceedings{particlefiltering,
 author = {Doucet, Arnaud and Freitas, Nando de and Murphy, Kevin P. and Russell, Stuart J.},
 title = {Rao-Blackwellised Particle Filtering for Dynamic Bayesian Networks},
 booktitle = {Proceedings of the 16th Conference on Uncertainty in Artificial Intelligence},
 series = {UAI '00},
 year = {2000},
 isbn = {1-55860-709-9},
 pages = {176--183},
 numpages = {8},
 url = {http://dl.acm.org/citation.cfm?id=647234.720075},
 acmid = {720075},
 publisher = {Morgan Kaufmann Publishers Inc.},
 address = {San Francisco, CA, USA},
} 

@inproceedings{variationalem,
   title = {{The Variational Bayesian EM Algorithm for Incomplete Data:  With Application to Scoring Graphical Model Structures}},
    author = {Beal, M. J. and Ghahramani, Z.},
  editor={J. M. Bernardo and M. J. Bayarri and J. O. Berger and A. P. Dawid and D. Heckerman and  A. F. M. Smith and M. West},
  booktitle={Bayesian Statistics},
  volume={7},
    publisher = {Oxford University Press},  
  pages={453--464},
  year={2003}
}


@inproceedings{kmeans_studentmodel,
  author={ Li, Nan  and Cohen, William and  Koedinger, Kenneth},
  title     = {Discovering student models with a clustering algorithm using problem content},
  editor={ Sidney D'Mello and Rafael A. Calvo},
 year={2013},
 booktitle={{Proceedings of the 6th International Conference on Educational Data Mining}},
 pages={98--105},
 address={Memphis, TN}
}



@incollection{texttokc,
year={2012},
isbn={978-3-642-30949-6},
booktitle={Intelligent Tutoring Systems},
volume={7315},
series={Lecture Notes in Computer Science},
editor={Cerri, StefanoA. and Clancey, WilliamJ. and Papadourakis, Giorgos and Panourgia, Kitty},
doi={10.1007/978-3-642-30950-2_25},
title={Knowledge Component Suggestion for Untagged Content in an Intelligent Tutoring System},
url={http://dx.doi.org/10.1007/978-3-642-30950-2_25},
publisher={Springer Berlin Heidelberg},
keywords={Intelligent Tutoring Systems; Text Mining; Knowledge Components; TextGarden; Lemur; Bag-of-Words},
author={Karlov\v{c}ec, Mario and C\'ordova-S\'anchez, Mariheida and Pardos, ZacharyA.},
pages={195-200}
}


@article{relationalkmeans,
  author    = {Bal{\'a}zs Szalkai},
  title     = {{Generalizing $k$-means for an arbitrary distance matrix}},
  journal   = {CoRR},
  volume    = {abs/1303.6001},
  year      = {2013},
  url        = {http://arxiv.org/abs/1303.6001},
  bibsource = {DBLP, http://dblp.uni-trier.de}
}


@inproceedings{thmm_edm2013,
  title={{What and When do Students Learn?  Fully Data-Driven   Joint Estimation of  Cognitive and Student Models}},
  author={  Gonz\'{a}lez-Brenes, Jos\'{e} P. and Mostow, Jack},
  year={2013},
  pages={236--240},
  editor={Andrew Olney and Philip Pavlik and Art Graesser},
  booktitle={{Proceedings of the 6th International Conference on Educational Data Mining}},
  address={Memphis, TN} 
}


@article{nida,
year={1999},
issn={0033-3123},
journal={Psychometrika},
volume={64},
number={2},
doi={10.1007/BF02294535},
title={Estimating multiple classification latent class models},
url={http://dx.doi.org/10.1007/BF02294535},
publisher={Springer-Verlag},
keywords={latent class models; latent response models; cognitive processes; EM-algorithm},
author={Maris, E.},
pages={187-212},
language={English}
}


@inproceedings{studer2012incorporating,
  title={Incorporating Learning into the Cognitive Assessment Framework},
  author={Studer, Cassandra and Junker, Brian and Chan, Helen},
  booktitle={Presentation at Annual Meeting of the Society for Research on Educational Effectiveness},
  address={Washington, D.C.},
  month={March},
  year={2012}
}

@inproceedings{icml_ratings,
        author = {Cynthia Matuszek and Nicholas FitzGerald and Luke Zettlemoyer and Liefeng Bo and Dieter Fox},
        booktitle = {Proc.~of the 2012 International Conference on Machine Learning},
        title = {{TrueLabel + Confusions: A Spectrum of Probabilistic Models in Analyzing Multiple Ratings}},
        month = {June},
        address = {Edinburgh, Scotland},
        year = {2012}
}

@article{koren_matrixfactorization,
 author = {Koren, Yehuda and Bell, Robert and Volinsky, Chris},
 title = {{Matrix Factorization Techniques for Recommender Systems}},
 journal = {Computer},
 issue_date = {August 2009},
 volume = {42},
 number = {8},
 month = aug,
 year = {2009},
 issn = {0018-9162},
 pages = {30--37},
 numpages = {8},
 url = {http://dx.doi.org/10.1109/MC.2009.263},
 acmid = {1608614},
 publisher = {IEEE Computer Society Press},
 address = {Los Alamitos, CA, USA},
 keywords = {Computational intelligence, Computational intelligence, Netflix Prize, Matrix factorization, Matrix factorization, Netflix Prize},
} 


@article{glmnet,
  author =	"Jerome H. Friedman and Trevor Hastie and Rob Tibshirani",
  title =	"Regularization Paths for Generalized Linear Models via Coordinate Descent",
  journal =	"Journal of Statistical Software",
  volume =	"33",
  number =	"1",
  pages =	"1--22",
  day =  	"2",
  month =	"2",
  year = 	"2010",
  CODEN =	"JSSOBK",
  ISSN = 	"1548-7660",
  bibdate =	"2009-12-15",
  URL =  	"http://www.jstatsoft.org/v33/i01",
  accepted =	"2009-12-15",
  acknowledgement = "",
  keywords =	"",
  submitted =	"2009-04-22",
}

@article{wu2007thinking,
  title={Thinking About Item Response Theory from a Logistic Regression Perspective},
  author={Wu, Amery D and Zumbo, Bruno D},
  journal={Real data analysis},
  pages={241--269},
  year={2007},
  publisher={Information Age Publishing}
}

@article{ci_auc2008,
title={{Comparison of non-parametric confidence intervals for the area under the ROC curve of a continuous-scale diagnostic test.}},
author={Gengsheng Qin  and  L. Hotilovac},
journal={Stat Methods Med Res},
volume={17},
number={2},
pages={207-21},
year={2008},
abstract={The accuracy of a diagnostic test with continuous-scale results is of high importance in clinical medicine. It is often summarised by the area under the ROC curve (AUC). In this article, we discuss and compare nine non-parametric confidence intervals of the AUC for a continuous-scale diagnostic test. Simulation studies are conducted to evaluate the relative performance of the confidence intervals for the AUC in terms of coverage probability and average interval length. A real example is used to illustrate the application of the recommended methods. }
}
 
 
@inproceedings{Pardos:Individualization,
 author = {Pardos, Zachary A. and Heffernan, Neil T.},
 title = {{Modeling individualization in a bayesian networks implementation of knowledge tracing}},
 booktitle = {{Proceedings of the 18th international conference on User Modeling, Adaptation, and Personalization}},
 series = {UMAP'10},
 year = {2010},
 isbn = {3-642-13469-6, 978-3-642-13469-2},
 location = {Big Island, HI},
 pages = {255--266},
 numpages = {12},
 url = {http://dx.doi.org/10.1007/978-3-642-13470-8_24},
 acmid = {2149554},
 publisher = {Springer-Verlag},
 address = {Berlin, Heidelberg},
 keywords = {bayesian networks, data mining, individualization, intelligent tutoring systems, knowledge tracing, prediction},
} 


@incollection{besag_introduction,
year={2004},
isbn={978-1-4612-6484-2},
booktitle={Mathematical Foundations of Speech and Language Processing},
volume={138},
series={The IMA Volumes in Mathematics and its Applications},
editor={Johnson, Mark and Khudanpur, SanjeevP. and Ostendorf, Mari and Rosenfeld, Roni},
title={{An Introduction to Markov Chain Monte Carlo Methods}},
url={http://dx.doi.org/10.1007/978-1-4419-9017-4_11},
publisher={Springer New York},
keywords={Autologistic distribution; Bayesian computation; Gibbs sampler; Hastings algorithm; Hidden Markov models; Importance sampling; Ising model; Markov chain Monte Carlo; Markov random fields; Maximum likelihood estimation; Metropolis method; Noisy binary channel; Perfect simulation; Reversibility; Simulated annealing},
author={Besag, Julian},
pages={247-270},
language={English}
}


@phdthesis{GoldwaterThesis,
 author = {Goldwater, Sharon J.},
 advisor = {Johnson, Mark},
 title = {Nonparametric bayesian models of lexical acquisition},
 year = {2007},
 isbn = {978-0-549-11904-3},
 note = {AAI3271977},
 school ={Brown University},
 publisher = {Brown University},
 address = {Providence, RI, USA},
}

@incollection{binarylatentfactors,
 title = {Modeling Dyadic Data with Binary Latent Factors},
 author = {Edward Meeds and Zoubin Ghahramani and Radford M. Neal and Sam T. Roweis},
 booktitle = {Advances in Neural Information Processing Systems 19},
 editor = {B. Sch\"{o}lkopf and J. Platt and T. Hoffman},
 publisher = {MIT Press},
 address = {Cambridge, MA},
 pages = {977--984},
 year = {2007}
}
@inproceedings{flda,
 author = {Agarwal, Deepak and Chen, Bee-Chung},
 title = {{fLDA: matrix factorization through latent dirichlet allocation}},
 booktitle = {Proceedings of the third ACM international conference on Web search and data mining},
 series = {WSDM '10},
 year = {2010},
 isbn = {978-1-60558-889-6},
 location = {New York, New York, USA},
 pages = {91--100},
 numpages = {10},
 url = {http://doi.acm.org/10.1145/1718487.1718499},
 publisher = {ACM},
 address = {New York, NY, USA},
 keywords = {bayesian hierarchical model, collaborative filtering, graphical model, latent factor model, recommender systems, supervised topic model},
} 


@misc{nyttsunami,
author = {David Brooks},
title = {{New York Times OpEd, The Campus Tsunami}},
month = may,
year = {2012},
url = {http://www.nytimes.com/2012/05/04/opinion/brooks-the-campus-tsunami.html}
}

@misc{address,
author = {Leslie Josephs},
title = {{When Getting Directions, It Helps To Know Where the Fig Tree Was. Wall Street Journal}},
month = jun,
year = {2012},
howpublished= { \url{http://online.wsj.com/article/SB10001424052702304870304577489094121477570.html}}
}

@article{breiman2001random,
 author = {Breiman, Leo},
 title = {Random Forests},
 journal = {Mach. Learn.},
 issue_date = {October 1 2001},
 volume = {45},
 number = {1},
 month = oct,
 year = {2001},
 issn = {0885-6125},
 pages = {5--32},
 numpages = {28},
 url = {http://dx.doi.org/10.1023/A:1010933404324},
 acmid = {570182},
 publisher = {Kluwer Academic Publishers},
 address = {Hingham, MA, USA},
 keywords = {classification, ensemble, regression},
} 

@conference{chi09healthline,
  author={Gonz\'{a}lez-Brenes, Jos\'{e} P. and  Sherwani, Jahanzeb and Rose, Carolyn P. and  Rosenfeld, Roni},
  year={2009},
  title={{Speech Interfaces in the Context of the HealthLine Project}},
  location={Boston, MA},
  booktitle={CHI Workshop on Human-centered computing in International Development}
 }

@conference{thmmnips12,
  title={{Topical HMMs for Factorization of Input-Output Sequential Data}},
   author={  Gonz\'{a}lez-Brenes, Jos\'{e} P. and Mostow, Jack},
   editor={ P. Bartlett and F.C.N. Pereira and C.J.C. Burges and L. Bottou and K.Q. Weinberger},
  booktitle={paper presented at Personalizing Education Workshop in Advances in Neural Information Processing Systems (NIPS'12)},
   address={Lake Tahoe, CA},
  year={2012}
}


@inproceedings{rasch1961general,
  title={On general laws and the meaning of measurement in psychology},
  author={Rasch, G.},
  booktitle={{Proceedings of the Fourth Berkeley symposium on mathematical statistics and probability}},
  volume={4},
  pages={321--333},
  year={1961},
  organization={University of California Press Berkeley, CA}
}

@conference{kaggle,
  title={{Predicting Travel Times for the M4 Highway in Sidney: How We Won Kaggle.com's First \$10,000 Data Mining Challenge}},
  author={  Gonz\'{a}lez-Brenes, Jos\'{e} P.  },
  organization={American Statistical Association},
  year={2012},
  location={San Diego, CA},
  booktitle={Joint Statistical Meetings 2012}
  }
  
  

@inproceedings{chaudhuri2011comparison,
  title={A comparison of latent variable models for conversation analysis},
  author={Chaudhuri, S. and Raj, B.},
  booktitle={Proceedings of the SIGDIAL 2011 Conference}},
  pages={30--38},
  year={2011},
  organization={Association for Computational Linguistics\}}
}

@inproceedings{bengio1995input,
  title={{An input output HMM architecture}},
  author={Bengio, Y. and Frasconi, P.},
  journal={Advances in neural information processing systems},
  pages={427--434},
  year={1995},
  publisher={MIT Press},
  editor    = {David S. Touretzky and
               Michael Mozer and
               Michael E. Hasselmo},
  booktitle     = {Advances in Neural Information Processing Systems 8},
  address = {Denver, CO} 

}




@article{Jensen1999885,
title = {{Blocking Gibbs Sampling for Linkage Analysis in Large Pedigrees with Many Loops}},
journal = "The American Journal of Human Genetics",
volume = "65",
number = "3",
pages = "885 - 901",
year = "1999",
note = "",
issn = "0002-9297",
url = "http://www.sciencedirect.com/science/article/pii/S0002929707623398",
author = "Claus Skaanning Jensen and Augustine Kong",
keywords = "Linkage analysis",
keywords = "Markov chain Monte Carlo method",
keywords = "Gibbs sampling",
keywords = "Pedigree loops",
keywords = "Joint sampling (block updating)",
keywords = "Reducibility problems"
}



@inproceedings{aistatspgibbs,
title = {{Parallel Gibbs Sampling: From Colored Fields to Thin Junction Trees}},
author = {Joseph Gonzalez and Yucheng Low and Arthur Gretton and Carlos Guestrin},
booktitle = {In Artificial Intelligence and Statistics (AISTATS)},
month = {May},
year = {2011},
address = {Ft. Lauderdale, FL},
wwwfilebase = {aistats2011-gonzalez-low-gretton-guestrin},
wwwtopic = {Parallel Learning}
}


@article{geman1984stochastic,
  title={{Stochastic relaxation, Gibbs distributions, and the Bayesian restoration of images}},
  author={Geman, S. and Geman, D.},
  journal={Pattern Analysis and Machine Intelligence, IEEE Transactions on},
  number={6},
  pages={721--741},
  year={1984},
  publisher={IEEE}
}

@article{abney1996statistical,
  title={Statistical methods and linguistics},
  author={Abney, S.},
  journal={The balancing act: Combining symbolic and statistical approaches to language},
  pages={1--26},
  year={1996},
  publisher={MIT Press, Cambridge, MA}
}

@techreport{resnik2010gibbs,
  title={Gibbs sampling for the uninitiated},
  author={Resnik, P. and Hardisty, E.},
  year={2010},
  number={UMIACS-TR-2010-04},
  institution={University of Maryland}
}

@article{Minka_2004,
 title={{The Dirichlet-tree distribution Properties}}, 
 volume={1999}, url={http://citeseerx.ist.psu.edu/viewdoc/download?doi=10.1.1.115.9356&rep=rep1&type=pdf}, journal={Biometrika},
  author={Minka, Tom}, 
  year={2004}, 
  pages={1--6}
}


@InProceedings{jagarlamudi_2012,
  author    = {Jagarlamudi, Jagadeesh  and  Daume III, Hal  and  Udupa, Raghavendra},
  title     = {Incorporating Lexical Priors into Topic Models},
  booktitle = {Proceedings of the 13th Conference of the European Chapter of the Association for Computational Linguistics},
  month     = {April},
  year      = {2012},
  address   = {Avignon, France},
  publisher = {Association for Computational Linguistics},
  pages     = {204--213},
  url       = {http://www.aclweb.org/anthology/E12-1021}
}


@inproceedings{andrzejewski_incorporating_2009,
	address = {New York, {NY}, {USA}},
	series = {{ICML} '09},
	title = {{Incorporating domain knowledge into topic modeling via Dirichlet Forest priors}},
	isbn = {978-1-60558-516-1},
	url = {http://doi.acm.org/10.1145/1553374.1553378},
	abstract = {Users of topic modeling methods often have knowledge about the composition of words that should have high or low probability in various topics. We incorporate such domain knowledge using a novel Dirichlet Forest prior in a Latent Dirichlet Allocation framework. The prior is a mixture of Dirichlet tree distributions with special structures. We present its construction, and inference via collapsed Gibbs sampling. Experiments on synthetic and real datasets demonstrate our model's ability to follow and generalize beyond user-specified domain knowledge.},
	booktitle = {Proceedings of the 26th Annual International Conference on Machine Learning},
	publisher = {{ACM}},
	author = {Andrzejewski, David and Zhu, Xiaojin and Craven, Mark},
	year = {2009},
	pages = {25--32},
	file = {ACM Full Text PDF:C:\Users\joseg\AppData\Roaming\Zotero\Zotero\Profiles\h2q9723q.default\zotero\storage\K9AHSGJT\Andrzejewski et al. - 2009 - Incorporating domain knowledge into topic modeling.pdf:application/pdf}
}

@inproceedings{ldafeatures,
  author    = {James Petterson and
               Alexander J. Smola and
               Tib{\'e}rio S. Caetano and
               Wray L. Buntine and
               Shravan Narayanamurthy},
  title     = {{Word Features for Latent Dirichlet Allocation}},
  booktitle = {NIPS},
  year      = {2010},
  pages     = {1921-1929},
  ee        = {http://books.nips.cc/papers/files/nips23/NIPS2010_0566.pdf},
  crossref  = {DBLP:conf/nips/2010},
  bibsource = {DBLP, http://dblp.uni-trier.de}
}
@proceedings{DBLP:conf/nips/2010,
  editor    = {John D. Lafferty and
               Christopher K. I. Williams and
               John Shawe-Taylor and
               Richard S. Zemel and
               Aron Culotta},
  title     = {Advances in Neural Information Processing Systems 23: 24th
               Annual Conference on Neural Information Processing Systems
               2010. Proceedings of a meeting held 6-9 December 2010, Vancouver,
               British Columbia, Canada},
  booktitle = {NIPS},
  publisher = {Curran Associates, Inc.},
  year      = {2010},
  bibsource = {DBLP, http://dblp.uni-trier.de}
}

@inproceedings{liang08errors,
  author = {P. Liang and D. Klein},
  year = {2008},
  title = {{Analyzing the Errors of Unsupervised Learning}},
  booktitle = {Human Language Technology and Association for Computational Linguistics (HLT/ACL)},
}


@article{Smyth_1997, 
	title={{Clustering sequences with hidden Markov models}},
	volume={9}, 	
	url={http://citeseerx.ist.psu.edu/viewdoc/summary?doi=10.1.1.44.3648},
 	journal={Advances in neural information processing systems}, 
 	publisher={The {MIT} Press}, 	
 	author={Smyth, Padhraic}, 
 	editor={Mozer, Michael C and Jordan, Michael I and Petsche, Thomas Editors}, year={1997},
 	pages={648}
}

@book{ManningIR,
 author = {Manning, Christopher D. and Raghavan, Prabhakar and Schtze, Hinrich},
 title = {{Introduction to Information Retrieval}},
 year = {2008},
 isbn = {0521865719, 9780521865715},
 publisher = {Cambridge University Press},
 address = {New York, NY, USA},
} 

@inproceedings{KVLStudModeling,
 title={{Student Modeling}},
 author={Kurt VanLehn},
 crossref = {ITSBook},
}

@proceedings{ITSBook,
 editor = {Polson, M. C. and Richardson, J. J.},
 booktitle = {Foundations of intelligent tutoring systems},
 year = {1988},
 isbn = {0-805-80053-0},
 publisher = {L. Erlbaum Associates Inc.},
 address = {Hillsdale, NJ, USA},
} 

@inproceedings{koedinger2010data,
    author = {Koedinger, Kenneth R. and Baker, R. S. J. and Cunningham, K. and Skogsholm, A. and Leber, B. and Stamper, John},
    citeulike-article-id = {10416016},
    booktitle = {Handbook of Educational Data Mining},
    pages = {43--55},
    priority = {2},
    editor={Romero, C. and Ventura, S. and Pechenizkiy, M. and  Baker, R.S.J.d.},
    address = {Boca Raton, FL},
    publisher= {CRC Press} ,
    title = {{A data repository for the EDM community: The PSLC DataShop}},
    year = {2010}
}

@article{blei2003latent,
 author = {Blei, David M. and Ng, Andrew Y. and Jordan, Michael I.},
 title = {Latent dirichlet allocation},
 journal = {J. Mach. Learn. Res.},
 issue_date = {3/1/2003},
 volume = {3},
 month = mar,
 year = {2003},
 issn = {1532-4435},
 pages = {993--1022},
 numpages = {30},
 url = {http://dl.acm.org/citation.cfm?id=944919.944937},
 acmid = {944937},
 publisher = {JMLR.org},
} 


@article{rabiner1986introduction,
  title={{An introduction to Hidden Markov Models}},
  author={Rabiner, L. and Juang, B.},
  journal={ASSP Magazine, IEEE},
  volume={3},
  number={1},
  pages={4--16},
  year={1986},
  publisher={IEEE}
}

@article{ghahramani1997factorial,
  title={{Factorial Hidden Markov Models}},
  author={Ghahramani, Z. and Jordan, M.I.},
  journal={Machine learning},
  volume={29},
  number={2},
  pages={245--273},
  year={1997},
  publisher={Springer}
}

@InProceedings{bayesianhmm,
  author    = {Goldwater, Sharon  and  Griffiths, Tom},
  title     = {{A fully Bayesian approach to unsupervised part-of-speech tagging}},
  booktitle = {Proceedings of the 45th Annual Meeting of the Association of Computational Linguistics},
  month     = {June},
  year      = {2007},
  address   = {Prague, Czech Republic},
  publisher = {Association for Computational Linguistics},
  pages     = {744--751},
  url       = {http://www.aclweb.org/anthology/P07-1094}
}


@article{junctiontree,
  author={Jensen, F. V. and Lauritzen, S. L. and Olesen, K. G. },
  year={1989},
  title={{ Bayesian updating in recursive graphical models by local computations}},
  journal={Computational Statistical Quarterly},
  number={4},
  volume={89},
  pages={269--282}
}


@article{murphy2001bayes,
  title={The bayes net toolbox for matlab},
  author={Murphy, K. },
  journal={Computing science and statistics},
  volume={33},
  number={2},
  pages={1024--1034},
  year={2001}
}

@inproceedings{singh2008unified,
 author = {Singh, Ajit P. and Gordon, Geoffrey J.},
 title = {A Unified View of Matrix Factorization Models},
 booktitle = {Proceedings of the European conference on Machine Learning and Knowledge Discovery in Databases - Part II},
 series = {ECML PKDD '08},
 year = {2008},
 isbn = {978-3-540-87480-5},
 location = {Antwerp, Belgium},
 pages = {358--373},
 numpages = {16},
 url = {http://dx.doi.org/10.1007/978-3-540-87481-2_24},
 acmid = {1432024},
 publisher = {Springer-Verlag},
 address = {Berlin, Heidelberg},
} 


@inproceedings{schein2003generalized,
  title={A generalized linear model for principal component analysis of binary data},
  author={Schein, A.I. and Saul, L.K. and Ungar, L.H.},
  booktitle={{Proceedings of the Ninth International Workshop on Artificial Intelligence and Statistics}},
  pages={14--21},
  editor ={ C. M. Bishop and B. J. Frey },
  address={Key West, FL},
  year={2003}
}

@article{ppca,
  title={Probabilistic principal component analysis},
  author={Tipping, M.E. and Bishop, C.M.},
  journal={Journal of the Royal Statistical Society: Series B (Statistical Methodology)},
  volume={61},
  number={3},
  pages={611--622},
  year={1999},
  publisher={Wiley Online Library}
}



@incollection {cen_factor_analysis,
   author = {Cen, Hao and Koedinger, Kenneth and Junker, Brian},
   affiliation = {Carnegie Mellon University},
   title = {Learning Factors Analysis: A General Method for Cognitive Model Evaluation and Improvement},
   booktitle = {Intelligent Tutoring Systems},
   series = {Lecture Notes in Computer Science},
   editor = {Ikeda, Mitsuru and Ashley, Kevin and Chan, Tak-Wai},
   publisher = {Springer Berlin / Heidelberg},
   keyword = {Computer Science},
   pages = {164-175},
   volume = {4053},
   url = {http://dx.doi.org/10.1007/11774303_17},
   year = {2006}
}

@incollection {learningdecomposition,
   author = {Beck, Joseph and Mostow, Jack},
   affiliation = {Worcester Polytechnic Institute Computer Science Department},
   title = {How Who Should Practice: Using Learning Decomposition to Evaluate the Efficacy of Different Types of Practice for Different Types of Students},
   booktitle = {Intelligent Tutoring Systems},
   series = {Lecture Notes in Computer Science},
   editor = {Woolf, Beverley and Ameur, Esma and Nkambou, Roger and Lajoie, Susanne},
   publisher = {Springer Berlin / Heidelberg},
   isbn = {978-3-540-69130-3},
   keyword = {Computer Science},
   pages = {353-362},
   volume = {5091},
   year = {2008}
}

@incollection {beck2010factoranalysis,
   author = {Gong, Yue and Beck, Joseph and Heffernan, Neil},
   affiliation = {Computer Science Department, Worcester Polytechnic Institute, 100 Institute Road, Worcester, MA 01609, USA},
   title = {Comparing Knowledge Tracing and Performance Factor Analysis by Using Multiple Model Fitting Procedures},
   booktitle = {Intelligent Tutoring Systems},
   series = {Lecture Notes in Computer Science},
   editor = {Aleven, Vincent and Kay, Judy and Mostow, Jack},
   publisher = {Springer Berlin / Heidelberg},
   isbn = {978-3-642-13387-9},
   keyword = {Computer Science},
   pages = {35-44},
   volume = {6094},
   year = {2010}
}

@inproceedings{pavlik2009performance,
  title={{Performance Factors Analysis--A New Alternative to Knowledge Tracing}},
  author={Pavlik, P.I. and Cen, H. and Koedinger, K.R.},
  booktitle={{Proceeding of the 2009 conference on Artificial Intelligence in Education: Building Learning Systems that Care: From Knowledge Representation to Affective Modelling}},
  pages={531--538},
  year={2009},
  organization={IOS Press}
}

@article{ThaiNghe20102811,
title = {Recommender system for predicting student performance},
journal = {Procedia Computer Science},
volume = "1",
number = "2",
pages = "2811 - 2819",
year = "2010",
issn = "1877-0509",
url = "http://www.sciencedirect.com/science/article/pii/S1877050910003194",
author = "Nguyen Thai-Nghe and Lucas Drumond and Artus Krohn-Grimberghe and Lars Schmidt-Thieme",
keywords = "Recommender systems",
keywords = "Matrix factorization",
keywords = "Educational data mining",
keywords = "Student performance prediction"
}



@article{jordan1994hierarchical,
  title={{Hierarchical mixtures of experts and the EM algorithm}},
  author={Jordan, M.I. and Jacobs, R.A.},
  journal={Neural computation},
  volume={6},
  number={2},
  pages={181--214},
  year={1994},
  publisher={MIT Press}
}





@inproceedings{xu2011lr,
  title={{Using Logistic Regression to Trace Multiple Subskills in a Dynamic Bayes Net}},
  author={Xu, Y. and Mostow, J.},
  booktitle={{Proceedings of the 4th International Conference on Educational Data Mining}},
  pages={ 241--245},
  year={2011},
  editor = {M. Pechenizkiy and T. Calders and C. Conati and S. Ventura and C. Romero and  J. Stamper},
  address= {Eindhoven, Netherlands}
}

@article{dempster1977maximum,
  title={{Maximum likelihood from incomplete data via the EM algorithm}},
  author={Dempster, A.P. and Laird, N.M. and Rubin, D.B.},
  journal={Journal of the Royal Statistical Society. Series B (Methodological)},
  pages={1--38},
    volume = {39},
    number = {1},
    year={1977},
  publisher={JSTOR}
}

@BOOK{pearl1988,
  title = {Probabilistic reasoning in intelligent systems: networks of plausible inference},
  publisher = {Morgan Kaufmann Publishers Inc.},
  year = {1988},
  author = {Judea Pearl},
  address = {San Francisco, CA, USA},
  isbn = {0-934613-73-7},
}


@incollection {barnesq2,
   author = {Barnes, Tiffany and Bitzer, Donald and Vouk, Mladen},
   affiliation = {Computer Science Dept., University of North Carolina at Charlotte, Charlotte, NC 28223, USA},
   title = {{Experimental Analysis of the Q-Matrix Method in Knowledge Discovery}},
   booktitle = {Foundations of Intelligent Systems},
   series = {Lecture Notes in Computer Science},
   editor = {Hacid, Mohand-Said and Murray, Neil and Ras, Zbigniew and Tsumoto, Shusaku},
   publisher = {Springer Berlin / Heidelberg},
   isbn = {978-3-540-25878-0},
   keyword = {Computer Science},
   pages = {11-41},
   volume = {3488},
   url = {http://dx.doi.org/10.1007/11425274_62},
   year = {2005}
}


 
@inproceedings{desmarais11,
  author    = {Michel Desmarais},
  title     = {{Conditions for Effectively Deriving a Q-Matrix from Data
               with Non-negative Matrix Factorization}},
  editor={{M. Pechenizkiy and T. Calders and C. Conati and S. Ventura and C. Romero and  J. Stamper}},
 year={2011},
 booktitle={{Proceedings of the 4th International Conference on Educational Data Mining}},
 pages={169--178},
 address={Eindhoven, Netherlands},
 url        = {http://educationaldatamining.org/EDM2011/wp-content/uploads/proc/edm2011_paper35_full_Desmarais.pdf},
}

@inproceedings{barnes2005q,
  title={{The Q-matrix method: Mining student response data for knowledge}},
  author={Barnes, T.},
  editor={Beck, J.},
  booktitle={{Proceedings of AAAI 2005: Educational Data Mining Workshop}},
  address={Pittsburgh, PA},
  pages={978--980},
  year={2005}
}


@inproceedings{winters2005topic,
  title={Topic extraction from item-level grades},
  author={Winters, T. and Shelton, C. and Payne, T. and Mei, G.},
  booktitle={{American Association for Artificial Intelligence 2005 Workshop on Educational Datamining}},
  year={2005},
  editor={Beck, J.},
  address={Pittsburgh, PA}
}

@incollection {contextualestimation,
   author = {Baker, Ryan and Corbett, Albert and Aleven, Vincent},
   affiliation = {Carnegie Mellon University Human-Computer Interaction Institute},
   title = {More Accurate Student Modeling through Contextual Estimation of Slip and Guess Probabilities in Bayesian Knowledge Tracing},
   booktitle = {Intelligent Tutoring Systems},
   series = {Lecture Notes in Computer Science},
   editor = {Woolf, Beverley and A\"imeur, Esma and Nkambou, Roger and Lajoie, Susanne},
   publisher = {Springer Berlin / Heidelberg},
   isbn = {978-3-540-69130-3},
   keyword = {Computer Science},
   pages = {406-415},
   volume = {5091},
   url = {http://dx.doi.org/10.1007/978-3-540-69132-7_44},
   year = {2008}

}


@article{reye2004student,
 author = {Reye, Jim},
 title = {Student Modelling Based on Belief Networks},
 journal = {Int. J. Artif. Intell. Ed.},
 volume = {14},
 issue = {1},
 month = {January},
 year = {2004},
 issn = {1560-4292},
 pages = {63--96},
 numpages = {34},
 url = {http://dl.acm.org/citation.cfm?id=1434852.1434856},
 acmid = {1434856},
 publisher = {IOS Press},
 address = {Amsterdam, The Netherlands, The Netherlands},
} 

@incollection {Beck_Chang_2009,
   author = {Beck, Joseph and Chang, Kai-min},
   affiliation = {School of Computer Science, Carnegie Mellon University, Pittsburgh, PA 15213., USA},
   title = {Identifiability: A Fundamental Problem of Student Modeling},
   booktitle = {User Modeling 2007},
   series = {Lecture Notes in Computer Science},
   editor = {Conati, Cristina and McCoy, Kathleen and Paliouras, Georgios},
   publisher = {Springer Berlin / Heidelberg},
   keyword = {Computer Science},
   pages = {137-146},
   volume = {4511},
   url = {http://dx.doi.org/10.1007/978-3-540-73078-1_17},
   year = {2007}
}

@article{alvarez2007hidden,
  title={{Hidden Markov Bayesian Principal Component Analysis}},
  author={Alvarez, M. and Henao, R.},
  journal={Lecture Notes in Computer Science, Neural Information Processing/ICONIP},
  year={2007}
}

@inproceedings{rosti2002factor,
  title={{Factor analysed hidden Markov models}},
  author={Rosti, A.V. and Gales, MJF},
  booktitle={{Acoustics, Speech, and Signal Processing (ICASSP), 2002 IEEE International Conference on}},
  volume={1},
  pages={I--949},
  year={2002},
  organization={IEEE}
}


@incollection {corbett2sigma,
   author = {Corbett, Albert},
   affiliation = {Human-Computer Interaction Institute Carnegie Mellon University, Pittsburgh, PA 15213, USA},
   title = {Cognitive Computer Tutors: Solving the Two-Sigma Problem},
   booktitle = {User Modeling 2001},
   series = {Lecture Notes in Computer Science},
   editor = {Bauer, Mathias and Gmytrasiewicz, Piotr and Vassileva, Julita},
   publisher = {Springer Berlin / Heidelberg},
   isbn = {978-3-540-42325-6},
   keyword = {Computer Science},
   pages = {137-147},
   volume = {2109},
   url = {http://dx.doi.org/10.1007/3-540-44566-8_14},
   year = {2001}
}

@inproceedings{2007beck,
  title={Difficulties in inferring student knowledge from observations (and why you should care)},
  author={Beck, J.},
  booktitle={{Educational Data Mining: Supplementary Proceedings of the 13th International Conference of Artificial Intelligence in Education}},
  address={Marina del Rey, CA},
  pages={21--30},
 year={2007}}

@article{corbett1994knowledge,
year={1995},
issn={0924-1868},
journal={User Modeling and User-Adapted Interaction},
volume={4},
number={4},
doi={10.1007/BF01099821},
title={Knowledge tracing: Modeling the acquisition of procedural knowledge},
url={http://dx.doi.org/10.1007/BF01099821},
publisher={Kluwer Academic Publishers},
keywords={Student modeling; learning; empirical validity; procedural knowledge; intelligent tutoring systems; mastery learning; individual differences},
author={Corbett, AlbertT. and Anderson, JohnR.},
pages={253-278},
language={English}
}


@inproceedings{sequences,
  title={{How to Classify Tutorial Dialogue? Comparing Feature Vectors vs. Sequences}},
  author={  Gonz\'{a}lez-Brenes, Jos\'{e} P. and Mostow, Jack},
  editor={{M. Pechenizkiy and T. Calders and C. Conati and S. Ventura and C. Romero and  J. Stamper}},
 year={2011},
 booktitle={{Proceedings of the 4th International Conference on Educational Data Mining}},
 pages={169--178},
 city={Eindhoven, Netherlands}
}

@inproceedings{hurst2008automatically,
  title={Automatically detecting pointing performance},
  author={Hurst, A. and Hudson, S.E. and Mankoff, J. and Trewin, S.},
  booktitle={Proceedings of the 13th international conference on Intelligent user interfaces},
  pages={11--19},
  year={2008},
  organization={ACM}
}

@article{fern2010mining,
  title={{Mining problem-solving strategies from HCI data}},
  author={Fern, X. and Komireddy, C. and Grigoreanu, V. and Burnett, M.},
  journal={ACM Transactions on Computer-Human Interaction (CHI)},
  volume={17},
  number={1},
  pages={1--22},
  year={2010},
  publisher={ACM}
}

@INPROCEEDINGS{rauterberglearning, 
author={Rauterberg, M. and Aeppli, R.}, 
booktitle={{Systems, Man and Cybernetics, 1995. Intelligent Systems for the 21st Century., IEEE International Conference on}}, 
title={{Learning in man-machine systems: the measurement of behavioural and cognitive complexity}}, 
year={1995}, 
month={oct}, 
volume={5}, 
number={}, 
pages={4685 -4690 vol.5}, 
keywords={ Petri net; behavioural complexity; cognitive complexity; commercial database management system; computer experience; empirically observed task solving process; learning process; long-term knowledge; man-machine systems; mental structures; short-term knowledge; task solving process; Petri nets; graphical user interfaces; man-machine systems; psychology; user modelling;}, 
doi={10.1109/ICSMC.1995.538535}, 
ISSN={},}

@article{ghazarian2010automatic,
  title={{Automatic detection of users' skill levels using high-frequency user interface events}},
  author={Ghazarian, A. and Noorhosseini, S.M.},
  journal={User Modeling and User-Adapted Interaction},
  volume={20},
  number={2},
  pages={109--146},
  year={2010},
  publisher={Springer}
}

@article{hilbert2000extracting,
  title={Extracting usability information from user interface events},
  author={Hilbert, D.M. and Redmiles, D.F.},
  journal={ACM Computing Surveys (CSUR)},
  volume={32},
  number={4},
  pages={384--421},
  year={2000},
  publisher={ACM}
}

@article{rzeszotarski2011instrumenting,
  title={{Instrumenting the Crowd: Using Implicit Behavioral Measures to Predict Task Performance}},
  author={Rzeszotarski, J.M. and Kittur, A.},
  year={2011},
  note = {To appear}
}

@article{mostowminemap,
  title={{Some useful tactics to modify, map and mine data from intelligent tutors}},
  author={Mostow, J. and Beck, J.},
  journal={Natural Language Engineering},
  volume={12},
  number={2},
  pages={195--208},
  year={2006},
  publisher={Cambridge University Press}
}

@conference{ai2007comparing,
  title={{Comparing spoken dialog corpora collected with recruited subjects versus real users}},
  author={Ai, H. and Raux, A. and Bohus, D. and Eskenazi, M. and Litman, D.},
  booktitle={Proc. of the 8th SIGdial workshop on Discourse and Dialogue},
  year={2007}
}

@incollection{pierbook2010,
  author = {D. Suendermann and J. Liscombe and R. Pieraccini, and K. Evanini},
  title =	 {{``How am I Doing?'': A new framework to effectively measure the performance of automated customer care contact centers}},
  booktitle =	 {Advances in Speech Recognition: Mobile Environments, Call Centers, and Clinics},
  editor =	 " A. Neustein",
  publisher =	 {Springer},
  year =	 {2010},
  pages =	 "155--180"
}


@conference{polifroni1992experiments,
  title={{Experiments in evaluating interactive spoken language systems}},
  author={Polifroni, J. and Hirschman, L. and Seneff, S. and Zue, V.},
  booktitle={Proceedings of the workshop on Speech and Natural Language},
  pages={28--33},
  isbn={1558602720},
  year={1992},
  organization={Association for Computational Linguistics}
}

@conference{danieli1995metrics,
  title={{Metrics for evaluating dialogue strategies in a spoken language system}},
  author={Danieli, M. and Gerbino, E.},
  booktitle={Proceedings of the 1995 AAAI Spring Symposium on Empirical Methods in Discourse Interpretation and Generation},
  pages={34--39},
  year={1995}
}


@INPROCEEDINGS{murphyl1l2,
author={Schmidt, M. and Murphy, K. and Fung, G. and Rosales, R.},
booktitle={{Computer Vision and Pattern Recognition, 2008. CVPR 2008. IEEE Conference on}}, 
title={{Structure learning in random fields for heart motion abnormality detection}},
year={2008},
volume={},
number={},
pages={1 -8},
doi={10.1109/CVPR.2008.4587367},
ISSN={1063-6919},}

 @article{sur1962,
     jstor_articletype = {research-article},
     title = {An Efficient Method of Estimating Seemingly Unrelated Regressions and Tests for Aggregation Bias},
     author = {Zellner, A.},
     journal = {Journal of the American Statistical Association},
     jstor_issuetitle = {},
     volume = {57},
     number = {298},
     jstor_formatteddate = {Jun., 1962},
     pages = {pp. 348-368},
     url = {http://www.jstor.org/stable/2281644},
     ISSN = {01621459},
     abstract = {In this paper a method of estimating the parameters of a set of regression equations is reported which involves application of Aitken's generalized least-squares [1] to the whole system of equations. Under conditions generally encountered in practice, it is found that the regression coefficient estimators so obtained are at least asymptotically more efficient than those obtained by an equation-by-equation application of least squares. This gain in efficiency can be quite large if "independent" variables in different equations are not highly correlated and if disturbance terms in different equations are highly correlated. Further, tests of the hypothesis that all regression equation coefficient vectors are equal, based on "micro" and "macro" data, are described. If this hypothesis is accepted, there will be no aggregation bias. Finally, the estimation procedure and the "micro-test" for aggregation bias are applied in the analysis of annual investment data, 1935-1954, for two firms.},
     language = {English},
     year = {1962},
     publisher = {American Statistical Association},
     copyright = {Copyright Â© 1962 American Statistical Association},
    }


@conference{Troubleshooter2010,
author = {Schmitt, A. and Scholz, M. and Minker, W. and Liscombe, J. and Suendermann, D.},
year = {2010},
title={Is it possible to predict task completion in automated troubleshooters?},
booktitle={INTERSPEECH},
pages={94--97}
}


@article{WalkerHMIHY,
 author = {Walker, M. A. and Langkilde-Geary, I. and Hastie, H. W. and Wright, J. and Gorin, A.},
 title = {Automatically training a problematic dialogue predictor for a spoken dialogue system},
 journal = {Journal of Artificial Intelligence Research},
 volume = {16},
 issue = {1},
 year = {2002},
 issn = {1076-9757},
 pages = {293--319},
 numpages = {27},
 url = {http://portal.acm.org/citation.cfm?id=1622407.1622415},
 acmid = {1622415},
 publisher = {AI Access Foundation},
 address = {USA},
} 

@conference{LevinPier,
author={Levin, E. and Pieraccini, R.},
booktitle={{Spoken Language Technology Workshop, 2006. IEEE}}, 
title={VALUE-BASED OPTIMAL DECISION FOR DIALOG SYSTEMS},
year={2006},
volume={},
number={},
pages={198 -201},
keywords={business models;human agent;spoken dialog systems;value-based optimal decision;decision making;interactive systems;optimisation;speech processing;},
doi={10.1109/SLT.2006.326789},
}








@ARTICLE{dal2009,
author={Tomioka, R. and Sugiyama, M.},
journal={Signal Processing Letters, IEEE}, 
title={{Dual-Augmented Lagrangian Method for Efficient Sparse Reconstruction}},
year={2009},
volume={16},
number={12},
pages={1067 -1070},
keywords={dual-augmented Lagrangian method;matrix;optimisation;sparse signal reconstruction problem;state-of-the-art algorithm;matrix algebra;optimisation;signal reconstruction;},
doi={10.1109/LSP.2009.2030111},
ISSN={1070-9908},}


@article{zou05regularization,
    author = {Zou, H. and Hastie, T.},
    citeulike-article-id = {3509327},
    citeulike-linkout-0 = {http://citeseerx.ist.psu.edu/viewdoc/summary?doi=10.1.1.89.1596},
    journal = {Journal of the Royal Statistical Society},
    pages = {301--320},
    posted-at = {2008-11-13 17:27:47},
    priority = {4},
    title = {{Regularization and variable selection via the Elastic Net}},
    url = {http://citeseerx.ist.psu.edu/viewdoc/summary?doi=10.1.1.89.1596},
   publisher={Blackwell Publishing Ltd},
    volume = {67},
    year = {2005}
}



@article{tslpdialog2010,
 author = {Gonz\'{a}lez-Brenes, Jos{\'e} P. and Mostow, Jack},
 title = {Classifying dialogue in high-dimensional space},
 journal = {ACM Trans. Speech Lang. Process.},
 issue_date = {May 2011},
 volume = {7},
 number = {3},
 month = jun,
 year = {2011},
 issn = {1550-4875},
 pages = {8:1--8:15},
 articleno = {8},
 numpages = {15},
 url = {http://doi.acm.org/10.1145/1966407.1966413},
 acmid = {1966413},
 publisher = {ACM},
 address = {New York, NY, USA},
} 


@article{kriti2010,
  title={{Multi-population GWA mapping via multi-task regularized regression}},
  author={Puniyani, K. and Kim, S. and Xing, E.P.},
  journal={Bioinformatics},
  volume={26},
  number={12},
  pages={208},
  issn={1367-4803},
  year={2010},
  publisher={Oxford Univ Press}
}

@article{gustafsson2005constructing,
  title={{Constructing and analyzing a large-scale gene-to-gene regulatory network-lasso-constrained inference and biological validation}},
  author={Gustafsson, M. and Hornquist, M. and Lombardi, A.},
  journal={IEEE/ACM Transactions on Computational Biology and Bioinformatics (TCBB)},
  volume={2},
  number={3},
  pages={261},
  year={2005},
  publisher={IEEE Computer Society Press}
}

@article{tibshirani2002diagnosis,
  title={{Diagnosis of multiple cancer types by shrunken centroids of gene expression}},
  author={Tibshirani, R. and Hastie, T. and Narasimhan, B. and Chu, G.},
  journal={Proceedings of the National Academy of Sciences of the United states of America},
  volume={99},
  number={10},
  pages={6567},
  year={2002},
  publisher={National Acad Sciences}
}



@conference{lounici2009taking,
  title={{Taking advantage of sparsity in multi-task learning}},
  author={Lounici, K. and Tsybakov, A.B. and Pontil, M. and van de Geer},
  journal={stat},
  volume={1050},
  pages={9},
  year={2009},
   booktitle={Conference on Learning Theory},
  address={Montreal, Quebec}
}


@article{turlach2005simultaneous,
  title={{Simultaneous variable selection}},
  author={Turlach, B.A. and Venables, W.N. and Wright, S.J.},
  journal={Technometrics},
  volume={47},
  number={3},
  pages={349--363},
  year={2005},
  publisher={Citeseer}
}



@conference{obozinski2006multi,
  title={{Multi-task feature selection}},
  author={Obozinski, G. and Taskar, B. and Jordan, M.I.},
  booktitle={The Workshop of Structural Knowledge Transfer for Machine Learning in the 23rd International Conference on Machine Learning (ICML)},
  year={2007},
  address={Pittsburgh, PA}
}

@conference{roth2008group,
  title={{The group-lasso for generalized linear models: uniqueness of solutions and efficient algorithms}},
  author={Roth, V. and Fischer, B.},
  booktitle={{Proceedings of the 25th international conference on Machine learning}},
  pages={848--855},
  year={2008},
  organization={ACM}
}

@article{meier2008group,
  title={{The group lasso for logistic regression}},
  author={Meier, L. and van de Geer, S. and Buhlmann, P.},
  journal={JOURNAL-ROYAL STATISTICAL SOCIETY. SERIES B STATISTICAL METHODOLOGY},
  volume={70},
  number={1},
  pages={53},
  year={2008},
  publisher={Citeseer}
}

@conference{schmidt2008structure,
  title={{Structure learning in random fields for heart motion abnormality detection}},
  author={Schmidt, M. and Murphy, K. and Fung, G. and Rosales, R.},
  booktitle={Inter. Conf. Comp. Vision Pattern Recog},
  year={2008}
}





@article{berger1997iis,
 author = {Berger, Adam L. and Pietra, Vincent J. Della and Pietra, Stephen A. Della},
 title = {A maximum entropy approach to natural language processing},
 journal = {Comput. Linguist.},
 volume = {22},
 issue = {1},
 year = {1996},
 issn = {0891-2017},
 pages = {39--71},
 numpages = {33},
 url = {http://portal.acm.org/citation.cfm?id=234285.234289},
 acmid = {234289},
 publisher = {MIT Press},
 address = {Cambridge, MA, USA},
}



@article{JECR_RT_HT_class,
  author={Mostow, J. and  Aist, G. and Burkhead, P. and  Corbett, A. and Cuneo, A. and Eitelman, S. and Huang, C. and Junker, B. and  Sklar, M. B. and Tobin, B.},
  year={2003},
 title={Evaluation of an automated Reading Tutor that listens:  Comparison to human tutoring and classroom instruction},
 journal={Journal of Educational Computing Research},
 volume={29},
 number={1},
 pages={61--117}
}

@inproceedings{LD_story_choice,
 author = {Beck, Joseph E.},
 title = {Does Learner Control Affect Learning?},
 booktitle = {Proceeding of the 2007 Conference on Artificial Intelligence in Education: Building Technology Rich Learning Contexts That Work},
 year = {2007},
 isbn = {978-1-58603-764-2},
 pages = {135--142},
 numpages = {8},
 url = {http://portal.acm.org/citation.cfm?id=1563601.1563627},
 acmid = {1563627},
 publisher = {IOS Press},
 address = {Amsterdam, The Netherlands, The Netherlands},
}



@conference{edm2010,
  title={{Predicting Task Completion from Rich but Scarce Data}},
  author={  Gonz\'{a}lez-Brenes, Jos\'{e} P. and Mostow, Jack},
  year={2010},
 editor    = {Ryan Shaun Joazeiro de Baker and Agathe Merceron and Philip I. Pavlik Jr.},
  pages={291--292},
  booktitle={Proceedings of the 3rd International Conference on Educational Data Mining},
publisher = {www.educationaldatamining.org},
  address={Pittsburgh, PA}
}

@incollection{chi2010micro,
   author = {Chi, Min and VanLehn, Kurt and Litman, Diane},
   address= {Berlin},
   title = {{Do Micro-Level Tutorial Decisions Matter: Applying Reinforcement Learning to Induce Pedagogical Tutorial Tactics}},
   booktitle = {Intelligent Tutoring Systems},
   series = {Lecture Notes in Computer Science},
   editor = {Aleven, Vincent and Kay, Judy and Mostow, Jack},
   publisher = {Springer Berlin / Heidelberg},
   isbn = {},
   pages = {224-234},
   volume = {6094},
   year = {2010}
}

@inproceedings{singh1999reinforcement,
  author    = {Satinder P. Singh and
               Michael J. Kearns and
               Diane J. Litman and
               Marilyn A. Walker},
  title     = {Reinforcement Learning for Spoken Dialogue Systems},
  booktitle = {Advances in Neural Information Processing Systems},
  year      = {1999},
  pages     = {956-962},
  ee        = {http://nips.djvuzone.org/djvu/nips12/0956.djvu},
  bibsource = {DBLP, http://dblp.uni-trier.de},
 publisher = {MIT Press},
 volume={12},
 address = {Cambridge, MA},
}



@article{henderson2005hybrid,
author = {Henderson, James and Lemon, Oliver and Georgila, Kallirroi},
 title = {Hybrid reinforcement/supervised learning of dialogue policies from fixed data sets},
 journal = {Computational Linguistics},
 volume = {34},
 issue = {4},
 year = {2008},
 issn = {0891-2017},
 pages = {487--511},
 numpages = {25},
 acmid = {1479204},
 publisher = {MIT Press},
 address = {Cambridge, MA, USA},
}




@conference{rieser2008learning,
  title={{Learning effective multimodal dialogue strategies from wizard-of-oz data: Bootstrapping and evaluation}},
  author={Rieser, V. and Lemon, O.},
  booktitle={Proceedings of ACL},
  pages={638--646},
  year={2008},
  organization={Citeseer}
}



@article{rieser2010learning,
  title={{Learning human multimodal dialogue strategies}},
  author={Rieser, V. and Lemon, O.},
  journal={Natural Language Engineering},
  volume={16},
  number={01},
  pages={3--23},
  year={2010},
  publisher={Cambridge Univ Press}
}


@conference{rieser2007using,
author={Rieser, V. and Lemon, O.},
booktitle={IEEE/ACL 2006 Workshop on Spoken Language Technology Workshop},
 title={USING LOGISTIC REGRESSION TO INITIALISE REINFORCEMENT-LEARNING-BASED DIALOGUE SYSTEMS},
year={2006},
address={Aruba},
pages={190 --193},
doi={10.1109/SLT.2006.326777},
publisher={IEEE},
ISSN={}}







@article{yuan2006model,
  title={{Model selection and estimation in regression with grouped variables}},
  author={Yuan, M. and Lin, Y.},
  journal={Journal of the Royal Statistical Society: Series B (Statistical Methodology)},
  volume={68},
  number={1},
  pages={49--67},
  year={2006},
  publisher={Wiley Online Library}
}


@incollection {mostow2001evaluating,
  title={{Evaluating tutors that listen: an overview of project LISTEN}},
  author={Mostow, J. and Gregory Aist},
  editor={K. Forbus and P. Feltovich},
  booktitle={Smart machines in education},
  pages={169--234},
  year={2001},
  address={Boston},
  publisher={MIT Press}
}

@inproceedings{story_choice,
 author    = {Gregory Aist and Jack Mostow},
  title     = {Improving Story Choice in a Reading Tutor that Listens},
  booktitle = { Proceedings of the Fifth International Conference on Intelligent Tutoring Systems },
  year      = {2000},
  pages     = {645--646},
  publisher={Springer-Verlag},
  address = {Montreal},
  ee        = {http://link.springer.de/link/service/series/0558/bibs/1839/18390645.htm},
  bibsource = {DBLP, http://dblp.uni-trier.de}
}


@incollection{holland2007path,
  booktitle={{The path of speech technologies in computer assisted language learning: from research toward practice}},
  editor={Holland, M. and Holland, V.M. and Fisher, F.P.},
  author={Gregory Aist and Jack Mostow},
  title={{Balancing Learner and Tutor Control by Taking Turns: Faster and Better Mixed-Initiative task choice in a reading tutor that listens}},
  year={2007},
  address={New York},
  pages={220--240},
  publisher={Routledge}
}

@conference{beck2004using,
  title={{Using response times to model student disengagement}},
  author={Beck, J.},
  booktitle={Proceedings of the ITS2004 Workshop on Social and Emotional Intelligence in Learning Environments},
  pages={13--20},
  year={2004},
  organization={Citeseer}
}




@article{tomioka2009dual,
  title={{Dual Augmented Lagrangian Method for Efficient Sparse Reconstruction}},
  author={Tomioka, R. and Sugiyama, M.},
  journal={IEEE Signal Processing Letters},
  volume={16},
  number={12},
  pages={1067},
  year={2009}
}

@article{huang1993sphinx,
  title={{The SPHINX-II speech recognition system: an overview}},
  author={Huang, X. and Alleva, F. and Hon, H.W. and Hwang, M.Y. and Lee, K.F. and Rosenfeld, R.},
  journal={Computer Speech \& Language},
  volume={7},
  number={2},
  pages={137--148},
  year={1993},
  publisher={Citeseer}
}

@article{youngl1,
	author = {Park, M.Y. and Hastie, T.},
	title = {L1-regularization path algorithm for generalized linear models},
	journal = {Journal of the Royal Statistical Society: Series B (Statistical Methodology)},
	volume = {69},
       number={19},
	year = {2007},
	pages = {659-677}
}


@article{wainwright2007high,
  title={{High-Dimensional Graphical Model Selection Using l\~{} 1-Regularized Logistic Regression}},
  author={Wainwright, M.J. and Ravikumar, P. and Lafferty, J.D.},
  journal={Advances in Neural Information Processing Systems},
  volume={19},
  pages={1465},
  year={2007},
 publisher = {MIT Press},
 address = {Cambridge, MA}
}

@article{shevade2003simple,
  title={{A simple and efficient algorithm for gene selection using sparse logistic regression}},
  author={Shevade, SK and Keerthi, SS},
  journal={Bioinformatics},
  volume={19},
  number={17},
  pages={2246},
  year={2003},
  publisher={Oxford Univ Press}
}

@inproceedings{dudik2004performance,
    author = {Miroslav Dudik and Steven J. Phillips and Robert E. Schapire},
    title = {Performance guarantees for regularized maximum entropy density estimation},
    booktitle = {Proceedings of the 17th Annual Conference on Computational Learning Theory},
    year = {2004},
    pages = {472--486},
    address={Banff, Canada},
    publisher = {Springer Verlag}
}

@conference{prosodicfeat,
title={{Automated Assessment of Oral Reading Prosody}},
author={Mostow, J. and Duong, M.},
booktitle={{Proceedings of the 14th International Conference on Artificial Intelligence in Education (AIED2009)}},
address={Brighton, UK},
pages={189--196},
publisher={IOS Press},
year=2009

}

@article{amaldi1998approximability,
  title={{On the approximability of minimizing nonzero variables or unsatisfied relations in linear systems}},
  author={Amaldi, E. and Kann, V.},
  journal={Theoretical Computer Science},
  volume={209},
  number={1-2},
  pages={237--260},
  year={1998},
  publisher={Elsevier}
}

@conference{yang1997comparative,
 author = {Yang, Yiming and Pedersen, Jan O.},
 title = {A Comparative Study on Feature Selection in Text Categorization},
 booktitle = {Proceedings of the Fourteenth International Conference on Machine Learning},
 series = {ICML '97},
 year = {1997},
 isbn = {1-55860-486-3},
 pages = {412--420},
 numpages = {9},
 url = {http://portal.acm.org/citation.cfm?id=645526.657137},
 acmid = {657137},
 publisher = {Morgan Kaufmann Publishers Inc.},
 address = {San Francisco, CA, USA},
}

@conference{hastie2002s,
 author = {Hastie, H. W. and Prasad, R. and Walker, M.},
 title = {What's the trouble: automatically identifying problematic dialogues in DARPA communicator dialogue systems},
 booktitle = {{Proceedings of the 40th Annual Meeting on Association for Computational Linguistics}},
 series = {ACL '02},
 year = {2002},
 location = {Philadelphia, Pennsylvania},
 pages = {384--391},
 numpages = {8},
 url = {http://dx.doi.org/10.3115/1073083.1073147},
 acmid = {1073147},
 publisher = {Association for Computational Linguistics},
 address = {Morristown, NJ, USA},
}

@conference{steidllooking,
  title={{Looking at the Last Two Turns, I'd Say This Dialogue Is Doomed--Measuring Dialogue Success}},
  author={Steidl, S. and Hacker, C. and Ruff, C. and Batliner, A. and N{\"o}th, E. and Haas, J.},
  booktitle={Proceedings of the 7th International Conference on Text, Speech and Dialogue},
  address={Brno, Czech Republic},
  pages={629--636},
  publisher={Springer},
  year={2004}

}

@inproceedings{walker2000learning,
author = {Walker, Marilyn and Langkilde, Irene and Wright, Jerry and Gorin, Allen and Litman, Diane},
 title = {Learning to predict problematic situations in a spoken dialogue system: experiments with how may I help you?},
 booktitle = {Proceedings of the 1st North American chapter of the Association for Computational Linguistics Conference},
 year = {2000},
 location = {Seattle, Washington},
 pages = {210--217},
 numpages = {8},
 url = {http://portal.acm.org/citation.cfm?id=974305.974333},
 acmid = {974333},
 publisher = {Morgan Kaufmann Publishers Inc.},
 address = {San Francisco, CA, USA},
}



@article{gustafsson2005constructing,
  title={{Constructing and analyzing a large-scale gene-to-gene regulatory network-lasso-constrained inference and biological validation}},
  author={Gustafsson, M. and Hornquist, M. and Lombardi, A.},
  journal={IEEE/ACM Transactions on Computational Biology and Bioinformatics (TCBB)},
  volume={2},
  number={3},
  pages={261},
  year={2005},
  publisher={IEEE Computer Society Press}
}

@article{tibshirani2002diagnosis,
  title={{Diagnosis of multiple cancer types by shrunken centroids of gene expression}},
  author={Tibshirani, R. and Hastie, T. and Narasimhan, B. and Chu, G.},
  journal={Proceedings of the National Academy of Sciences of the United states of America},
  volume={99},
  number={10},
  pages={6567},
  year={2002},
  publisher={National Acad Sciences}
}


@article{tibshirani1996regression,
  title={{Regression shrinkage and selection via the lasso}},
  author={Tibshirani, R.},
  journal={Journal of the Royal Statistical Society. Series B (Methodological)},
  volume={58},
  number={1},
  pages={267--288},
  year={1996},
  publisher={Blackwell Publishing; Royal Statistical Society}
}



@conference{roth2008group,
  title={{The group-lasso for generalized linear models: uniqueness of solutions and efficient algorithms}},
  author={Roth, V. and Fischer, B.},
  booktitle={Proceedings of the 25th international Conference on Machine learning},
  pages={848--855},
  year={2008},
  organization={ACM}
}

@article{meier2008group,
  title={{The group lasso for logistic regression}},
  author={Meier, L. and van de Geer, S. and Buhlmann, P.},
  journal={JOURNAL-ROYAL STATISTICAL SOCIETY. SERIES B STATISTICAL METHODOLOGY},
  volume={70},
  number={1},
  pages={53},
  year={2008}
}

@conference{schmidt2008structure,
author={Schmidt, M. and Murphy, K. and Fung, G. and Rosales, R.},
booktitle={ IEEE Conference on Computer Vision and Pattern Recognition}, 
title={Structure learning in random fields for heart motion abnormality detection},
year={2008},
volume={},
number={},
pages={1 -8}, 
publisher={IEEE},
address={Anchorage, Alaska}
}



@conference{suendermann2009handsome,
  title={{A Handsome Set of Metrics to Measure Utterance Classification Performance in Spoken Dialog Systems}},
  author={Suendermann, D. and Liscombe, J. and Dayanidhi, K. and Pieraccini, R.},
  booktitle={Proceedings of the SIGDIAL 2009 Conference},
  pages={349--356},
  year={2009},
  organization={Association for Computational Linguistics}
}

@inproceedings{sigdial11,
  title={ {What System Differences Matter? Using $\ell_1$/$\ell_2$-regularization to Compare Dialogue Systems} },
  author={  Gonz\'{a}lez-Brenes, Jos\'{e} P. and Mostow, Jack},
  booktitle={ Proceedings of the 12th Annual SIGdial Meeting on Discourse and Dialogue},
  year={2011},
  address={ Portland, OR }
}



@inproceedings{dsdf2009,
  title={{ Describing Spoken Dialogue Systems Differences}},
  author={Gonz\'{a}lez-Brenes, Jos\'e P. and Black, Alan W. and Eskenazi, Maxine. },
  booktitle={International Workshop on Spoken Dialogue Systems},
  address={Irsee, Germany},
   year={2009},
  publisher={Springer--Verlat}
}


@conference{google411early,
  title={{Deploying GOOG-411: Early lessons in data, measurement, and testing}},
  author={Bacchiani, M. and Beaufays, F. and Schalkwyk, J. and Schuster, M. and Strope, B.},
  booktitle={IEEE International Conference on Acoustics, Speech and Signal Processing, 2008. ICASSP 2008},
  pages={5260--5263},
  year={2008}
}

@conference{bohus2007oos,
  title={{Olympus: an open-source framework for conversational spoken language interface research}},
  author={Bohus, D. and Raux, A. and Harris, T. and Eskenazi, M. and Rudnicky, A.},
  booktitle={HLT-NAACL 2007 Workshop on Bridging the Gap: Academic and Industrial Research in Dialog Technology},
  year={2007}
}


@article{twodecades,
  title={{Two decades of statistical language modeling: where do we go from here?}},
  author={Rosenfeld, R.},
  journal={Proceedings of the IEEE},
  volume={88},
  number={8},
  pages={1270--1278},
  year={2000}
}


@article{zhang2008sab,
  title={{The sparsity and bias of the lasso selection in high-dimensional linear regression}},
  author={Zhang, C.H. and Huang, J.},
  journal={Annals of Statistics},
  volume={36},
  number={4},
  pages={1567--1594},
  year={2008},
  publisher={Hayward, Calif.[etc] Institute of Mathematical Statistics [etc]}
}


@inproceedings{ngl1vsl2,
 author = {Ng,, Andrew Y.},
 title = {Feature selection, $\ell_1$ vs. $\ell_2$ regularization, and rotational invariance},
 booktitle = {ICML '04: Proceedings of the Twenty-first International Conference on Machine learning},
 year = {2004},
 isbn = {1-58113-828-5},
 pages = {78--86},
 location = {Banff, Alberta, Canada},
 publisher = {ACM},
 address = {New York, NY, USA},
 }


@article{introfs,
 author = {Guyon,, Isabelle and Elisseeff,, Andr\'{e}},
 title = {An introduction to variable and feature selection},
 journal = {Journal of  Machine Learning Research},
 volume = {3},
 year = {2003},
 issn = {1533-7928},
 pages = {1157--1182},
 publisher = {MIT Press},
 address = {Cambridge, MA, USA},
 }

@book{bishop1995nnp,
  title={{Neural networks for pattern recognition}},
  author={Bishop, C.M.},
  year={1995},
  publisher={Oxford University Press, USA}
}

@INPROCEEDINGS{Xing01featureselection,
 author = {Xing, Eric P. and Jordan, Michael I. and Karp, Richard M.},
 title = {Feature selection for high-dimensional genomic microarray data},
 booktitle = {Proceedings of the Eighteenth International Conference on Machine Learning},
 series = {ICML '01},
 year = {2001},
 isbn = {1-55860-778-1},
 pages = {601--608},
 numpages = {8},
 url = {http://portal.acm.org/citation.cfm?id=645530.655823},
 acmid = {655823},
 publisher = {Morgan Kaufmann Publishers Inc.},
 address = {San Francisco, CA, USA},
}

@article{paradise06,
  title={{The PARADISE evaluation framework: Issues and findings}},
  author={Hajdinjak, M. and Mihelic, F.},
  journal={Computational Linguistics},
  volume={32},
  number={2},
  pages={263--272},
  year={2006},
  publisher={MIT Press}
}

@article{paradise01,
  title={{Towards developing general models of usability with PARADISE}},
  author={Walker, M. and Kamm, C. and Litman, D.},
  journal={Natural Language Engineering},
  volume={6},
  number={3},
  pages={363--377},
  year={2001},
  publisher={Cambridge Univ Press}
}

@conference{date2002,
    author = { Hastie,H. W. and  Prasad,R. and  Walker, M.},
    title = {Automatic Evaluation: Using a DATE Dialogue Act Tagger for User Satisfaction and Task Completion Prediction},
    booktitle = {In LREC 2002},
    year = {2002},
    pages = {641--648}
}

@conference{kamm1999evaluating,
  title={{Evaluating spoken language systems}},
  author={Kamm, C. and Walker, M.A. and Litman, D.},
  booktitle={Proc. of AVIOS},
  year={1999},
  organization={Citeseer}
}

@conference{raux2006drd,
  title={{Doing research on a deployed spoken dialogue system: one year of Let's Go! experience}},
  author={Raux, A. and Bohus, D. and Langner, B. and Black, A.W. and Eskenazi, M.},
  booktitle={Ninth International Conference on Spoken Language Processing},
  year={2006},
  organization={ISCA}
}

@article{eckert1998aes,
  title={{Automatic evaluation of spoken dialogue systems}},
  author={Eckert, W. and Levin, E. and Pieraccini, R.},
  journal={TWLT13: Formal semantics and pragmatics of dialogue},
  pages={99--110},
  year={1998}
}

@conference{paek2001eme,
  title={{Empirical methods for evaluating dialog systems}},
  author={Paek, T.},
  booktitle={ACL 2001 Workshop on Evaluation Methodologies for Language and Dialogue systems},
  pages={3--10},
  year={2001}
}

@conference{nigam1999ume,
  title={{Using maximum entropy for text classification}},
  author={Nigam, K. and Lafferty, J. and McCallum, A.},
  booktitle={IJCAI-99 Workshop on Machine Learning for Information Filtering},
  pages={61--67},
  editor    = {Thomas Dean},
  address ={Stockholm},
  publisher = {Morgan Kaufmann},
  year      = {1999},
  isbn      = {1-55860-613-0},
  bibsource = {DBLP, http://dblp.uni-trier.de}
}



@conference{kim:rsn,
  title={{Robust Signal-to-Noise Ratio Estimation Based on Waveform Amplitude Distribution Analysis}},
  author={Kim, C. and Stern, R.M.},
  booktitle={Interspeech},
  year={2008} 

}

@conference{ai2007comparing,
  title={{Comparing spoken dialog corpora collected with recruited subjects versus real users}},
  author={Ai, H. and Raux, A. and Bohus, D. and Eskenazi, M. and Litman, D.},
  booktitle={Proc. of the 8th SIGdial Workshop on Discourse and Dialogue},
  year={2007}
}

@conference{koehn2004statistical,
  title={{Statistical significance tests for machine translation evaluation}},
  author={Koehn, P.},
  booktitle={Proceedings of EMNLP},
  volume={4},
  year={2004}
}

@article{lavie-meteor,
  title={{The Meteor Metric for Automatic Evaluation of Machine Translation}},
  author={Lavie, A. and Denkowski, M.},
  journal={Machine Translation Journal},
  year={2009},
  publisher={Springer}

}

@conference{papineni2001bleu,
  title={{Bleu: a method for automatic evaluation of machine translation}},
  author={Papineni, K. and Roukos, S. and Ward, T. and Zhu, W.J.},
  booktitle={Proceedings of the 40th annual meeting on association for computational linguistics},
  pages={311--318},
  year={2001},
  organization={Association for Computational Linguistics Morristown, NJ, USA}
}
@conference{lin2002manual,
  title={{Manual and automatic evaluation of summaries}},
  author={Lin, C.Y. and Hovy, E.},
  booktitle={Proceedings of the ACL-02 Workshop on Automatic Summarization-Volume 4},
  pages={45--51},
  year={2002},
  organization={Association for Computational Linguistics Morristown, NJ, USA}
}


@article{menard2004six,
  title={{Six approaches to calculating standardized logistic regression coefficients}},
  author={Menard, S.},
  journal={The American Statistician},
  volume={58},
  number={3},
  pages={218--223},
  year={2004},
  publisher={ASA}
}


@article{gelman2008scaling,
  title={{Scaling regression inputs by dividing by two standard deviations}},
  author={Gelman, A.},
  journal={Statistics in Medicine},
  volume={27},
  number={15},
  pages={2865--2873},
  year={2008},
  publisher={Citeseer}
}

@conference{taylor1998architecture,
  title={{The architecture of the Festival speech synthesis system}},
  author={Taylor, P. and Black, A.W. and Caley, R.},
  booktitle={The Third ESCA/COCOSDA Workshop (ETRW) on Speech Synthesis},
  year={1998},
  organization={ISCA}
}

@conference{raux2008optimizing,
  title={{Optimizing endpointing thresholds using dialogue features in a spoken dialogue system}},
  author={Raux, A. and Eskenazi, M.},
  booktitle={Proceedings of the 9th SIGdial Workshop on Discourse and Dialogue, Columbus, Ohio, Association for Computational Linguistics},
  pages={1--10},
  year={2008}
}



@article{moller2008predicting,
  title={{Predicting the quality and usability of spoken dialogue services}},
  author={M{\"o}ller, S. and Engelbrecht, K.P. and Schleicher, R.},
  journal={Speech Communication},
  volume={50},
  number={8-9},
  pages={730--744},
  year={2008},
  publisher={Elsevier}
}



@article{moller2007defacto,
title = "Evaluating spoken dialogue systems according to de-facto standards: A case study",
journal = "Computer Speech and Language",
volume = "21",
number = "1",
pages = "26 - 53",
year = "2007",
note = "",
issn = "0885-2308",
url = "http://www.sciencedirect.com/science/article/B6WCW-4HWXHCX-1/2/664886592128e06682d59800ffe623ea",
author = "S. M{\"o}ller and P. Smeele and H. Boland and J. Krebber"
}



@article{litman1999empirically,
  title={{Empirically evaluating an adaptable spoken dialogue system}},
  author={Litman, D.J. and Pan, S.},
  journal={Arxiv preprint cs/9903008},
  year={1999}
}


@conference{kamm1997evaluating,
  title={{Evaluating spoken dialog systems for telecommunication services}},
  author={Kamm, C. and Narayanan, S. and Dutton, D. and Ritenour, R.},
  booktitle={Fifth European Conference on Speech Communication and Technology},
  year={1997},
  organization={ISCA}
}

@incollection{lee2007efficient,
 title = {Efficient Structure Learning of Markov Networks using $L_1$-Regularization},
 author = {Su-In Lee and Varun Ganapathi and Daphne Koller},
 booktitle = {Advances in Neural Information Processing Systems 19},
 editor = {B. Sch\"{o}lkopf and J. Platt and T. Hoffman},
 publisher = {MIT Press},
 address = {Cambridge, MA},
 pages = {817--824},
 year = {2007}
}




@conference{colmenarez1996maximum,
  title={{Maximum likelihood face detection}},
  author={Colmenarez, A.J. and Huang, T.S.},
  booktitle={Int. Conf. Automatic Face and Gesture Recognition},
  pages={307--309},
  year={1996}
}

@misc{mallet,
author={McCallum, Andrew Kachites},
title={{MALLET: A Machine Learning for Language Toolkit.}},
howpublished = "\url{http://mallet.cs.umass.ed}",
year={2002},

}

@conference{bach2008bolasso,
  title={{Bolasso: model consistent Lasso estimation through the bootstrap}},
  author={Bach, F.R.},
  booktitle={Proceedings of the 25th International Conference on Machine learning},
  pages={33--40},
  year={2008},
  organization={ACM New York, NY, USA}
}

@proceedings{edm2011,
  editor    = {Mykola Pechenizkiy and
               Toon Calders and
               Cristina Conati and
               Sebasti{\'a}n Ventura and
               Crist{\'o}bal Romero and
               John C. Stamper},
  title     = {Proceedings of the 4th International Conference on Educational
               Data Mining, Eindhoven, The Netherlands, July 6-8, 2011},
  booktitle = {EDM},
  publisher = {www.educationaldatamining.org},
  year      = {2011},
  isbn      = {978-90-386-2537-9},
  bibsource = {DBLP, http://dblp.uni-trier.de}
}
