@book{shaffer2006computer,
  title={How computer games help children learn},
  author={Shaffer, David W.},
  year={2006},
  publisher={Macmillan}
}

@book{mayer2014computer,
  title={Computer games for learning: An evidence-based approach},
  author={Mayer, Richard E.},
  year={2014},
  publisher={MIT Press}
}

@article{prensky2005computer,
  title={Computer games and learning: Digital game-based learning},
  author={Prensky, Marc},
  journal={Handbook of computer game studies},
  volume={18},
  pages={97--122},
  year={2005},
  publisher={MIT Press Cambridge, MA}
}

@article{albrecht1998bayesian,
	title={Bayesian models for keyhole plan recognition in an adventure game},
	author={Albrecht, David W and Zukerman, Ingrid and Nicholson, An E},
	journal={User modeling and user-adapted interaction},
	volume={8},
	number={1-2},
	pages={5--47},
	year={1998},
	publisher={Springer}
}

@inproceedings{mandel2014offline,
	title={Offline policy evaluation across representations with applications to educational games},
	author={Mandel, Travis and Liu, Yun-En and Levine, Sergey and Brunskill, Emma and Popovic, Zoran},
	booktitle={Proceedings of the 2014 international conference on Autonomous agents and multi-agent systems},
	pages={1077--1084},
	year={2014},
	organization={International Foundation for Autonomous Agents and Multiagent Systems}
}

@inproceedings{tastan2011learning,
	title={Learning Policies for First Person Shooter Games Using Inverse Reinforcement Learning.},
	author={Tastan, Bulent and Sukthankar, Gita Reese},
	booktitle={AIIDE},
	year={2011}
}

@article{harpstead2013investigating,
	title={Investigating the solution space of an open-ended educational game using conceptual feature extraction},
	author={Harpstead, Erik and MacLellan, Christopher J and Koedinger, Kenneth R and Aleven, Vincent and Dow, Steven P and Myers, Brad},
	year={2013}
}

@inproceedings{harpstead2013search,
	title={In search of learning: facilitating data analysis in educational games},
	author={Harpstead, Erik and Myers, Brad A and Aleven, Vincent},
	booktitle={Proceedings of the SIGCHI conference on human factors in computing systems},
	pages={79--88},
	year={2013},
	organization={ACM}
}

@article{mayo2009video,
	title={Video games: A route to large-scale STEM education?},
	author={Mayo, Merrilea J},
	journal={Science},
	volume={323},
	number={5910},
	pages={79--82},
	year={2009},
	publisher={American Association for the Advancement of Science}
}

@inproceedings{rowe2010integrating,
	title={Integrating learning and engagement in narrative-centered learning environments},
	author={Rowe, Jonathan P and Shores, Lucy R and Mott, Bradford W and Lester, James C},
	booktitle={Intelligent Tutoring Systems},
	pages={166--177},
	year={2010},
	organization={Springer}
}

@inproceedings{rowe2010modeling,
	title={Modeling User Knowledge with Dynamic Bayesian Networks in Interactive Narrative Environments.},
	author={Rowe, Jonathan P and Lester, James C},
	booktitle={AIIDE},
	year={2010}
}

@inproceedings{christel2012rumbleblocks,
	title={RumbleBlocks: Teaching science concepts to young children through a Unity game},
	author={Christel, Michael G and Stevens, Scott M and Maher, Bryan S and Brice, Sean and Champer, Matt and Jayapalan, Luke and Chen, Qiaosi and Jin, Jing and Hausmann, Daniel and Bastida, Nora and others},
	booktitle={Computer Games (CGAMES), 2012 17th International Conference on},
	pages={162--166},
	year={2012},
	organization={IEEE}
}

@inproceedings{andersen2010gameplay,
	title={Gameplay analysis through state projection},
	author={Andersen, Erik and Liu, Yun-En and Apter, Ethan and Boucher-Genesse, Fran{\c{c}}ois and Popovi{\'c}, Zoran},
	booktitle={Proceedings of the fifth international conference on the foundations of digital games},
	pages={1--8},
	year={2010},
	organization={ACM}
}

@inproceedings{lomas2013optimizing,
	title={Optimizing challenge in an educational game using large-scale design experiments},
	author={Lomas, Derek and Patel, Kishan and Forlizzi, Jodi L and Koedinger, Kenneth R},
	booktitle={Proceedings of the SIGCHI Conference on Human Factors in Computing Systems},
	pages={89--98},
	year={2013},
	organization={ACM}
}

@inproceedings{liu2013predicting,
	title={Predicting player moves in an educational game: A hybrid approach},
	author={Liu, Yun-En and Mandel, Travis and Butler, Eric and Andersen, Erik and O'Rourke, Eleanor and Brunskill, Emma and Popovic, Zoran},
	booktitle={Educational Data Mining 2013},
	year={2013}
}

@inproceedings{lee2014learning,
	title={Learning Individual Behavior in an Educational Game: A Data-Driven Approach},
	author={Lee, Seong Jae and Liu, Yun-En and Popovic, Zoran},
	booktitle={Educational Data Mining 2014},
	year={2014}
}

@article{lazarin2014testing,
	title={Testing overload in Americaâ€™s schools},
	author={Lazar{\'\i}n, M},
	journal={Center for American Progress. Retrieved from www.americanprogress.org/issues/education/report/\\2014/10/16/99073/testing-overload-in-americas-schools},
	year={2014}
}


@article{lazarin2014testing,
	title={Testing: How much is too much?},
	author={Kamenetz, Anya},
	journal={NPR. Retrieved from  http://www.npr.org/blogs/ed/2014/11/17/362339421/testing-how-much-istoo-much},
	year={2014}
}

@article{hofman2015re,
	title={Re-Balancing Assessment: Placing Formative and Performance Assessment at the Heart of Learning and Accountability},
	author={Hofman, Peter and Goodwin, Bryan and Kahl, Stuart},
	year={2015}
}

@book{shute2013stealth,
	title={Stealth assessment: Measuring and supporting learning in video games},
	author={Shute, Valerie Jean and Ventura, Matthew},
	year={2013},
	publisher={MIT Press}
}

@article{shute2009melding,
	title={Melding the power of serious games and embedded assessment to monitor and foster learning},
	author={Shute, Valerie J and Ventura, Matthew and Bauer, Malcolm and Zapata-Rivera, Diego},
	journal={Serious games: Mechanisms and effects},
	volume={2},
	pages={295--321},
	year={2009},
	publisher={Routledge/LEA Philadelphia, PA}
}

@article{almond2002enhancing,
	title={Enhancing the design and delivery of assessment systems: A four-process architecture},
	author={Almond, Russell and Steinberg, Linda and Mislevy, Robert},
	journal={The Journal of Technology, Learning and Assessment},
	volume={1},
	number={5},
	year={2002}
}

@article{mislevy2012design,
	title={Design and discovery in educational assessment: evidence-centered design, psychometrics, and educational data mining},
	author={Mislevy, Robert J and Behrens, John T and Dicerbo, Kristen E and Levy, Roy},
	journal={JEDM-Journal of Educational Data Mining},
	volume={4},
	number={1},
	pages={11--48},
	year={2012}
}

@article{dicerbo2012implications,
	title={Implications of the digital ocean on current and future assessment},
	author={DiCerbo, KE and Behrens, JT},
	journal={Computers and their impact on state assessment: Recent history and predictions for the future},
	pages={273--306},
	year={2012},
	publisher={Information Age Charlotte, NC}
}

@inproceedings{ester1996density,
	title={A density-based algorithm for discovering clusters in large spatial databases with noise.},
	author={Ester, Martin and Kriegel, Hans-Peter and Sander, J{\"o}rg and Xu, Xiaowei},
	booktitle={Kdd},
	volume={96},
	number={34},
	pages={226--231},
	year={1996}
}

@article{shute2008you,
	title={You can't fatten a hog by weighing it-Or can you? Evaluating an assessment for learning system called ACED},
	author={Shute, Valerie J and Hansen, Eric G and Almond, Russell G},
	journal={International Journal of Artificial Intelligence in Education},
	volume={18},
	number={4},
	pages={289},
	year={2008}
}

@article{hall2009weka,
	title={The WEKA data mining software: an update},
	author={Hall, Mark and Frank, Eibe and Holmes, Geoffrey and Pfahringer, Bernhard and Reutemann, Peter and Witten, Ian H},
	journal={ACM SIGKDD explorations newsletter},
	volume={11},
	number={1},
	pages={10--18},
	year={2009},
	publisher={ACM}
}

@inproceedings{fox2008hdp,
	title={An HDP-HMM for systems with state persistence},
	author={Fox, Emily B and Sudderth, Erik B and Jordan, Michael I and Willsky, Alan S},
	booktitle={Proceedings of the 25th international conference on Machine learning},
	pages={312--319},
	year={2008},
	organization={ACM}
}

@article{shute2013assessment,
	title={Assessment and learning of qualitative physics in newton's playground},
	author={Shute, Valerie J and Ventura, Matthew and Kim, Yoon Jeon},
	journal={The Journal of Educational Research},
	volume={106},
	number={6},
	pages={423--430},
	year={2013},
	publisher={Taylor \& Francis}
}

@inproceedings{sequences,
	title={{How to Classify Tutorial Dialogue? Comparing Feature Vectors vs. Sequences}},
	author={  Gonz\'{a}lez-Brenes, Jos\'{e} P. and Mostow, Jack},
	editor={{M. Pechenizkiy and T. Calders and C. Conati and S. Ventura and C. Romero and  J. Stamper}},
	year={2011},
	booktitle={{Proceedings of the 4th International Conference on Educational Data Mining}},
	pages={169--178},
	city={Eindhoven, Netherlands}, 
	type={Full}
}

@article{juang1985probabilistic,
	title={A probabilistic distance measure for hidden Markov models},
	author={Juang, Biing-Hwang Fred and Rabiner, Lawrence R},
	journal={AT\&T technical journal},
	volume={64},
	number={2},
	pages={391--408},
	year={1985},
	publisher={Alcatel-Lucent}
}

@article{krogh1994hidden,
	title={Hidden Markov models in computational biology: Applications to protein modeling},
	author={Krogh, Anders and Brown, Michael and Mian, I Saira and Sj{\"o}lander, Kimmen and Haussler, David},
	journal={Journal of molecular biology},
	volume={235},
	number={5},
	pages={1501--1531},
	year={1994},
	publisher={Elsevier}
}

@inproceedings{smyth1996clustering,
	title={Clustering Using Monte Carlo Cross-Validation.},
	author={Smyth, Padhraic},
	booktitle={KDD},
	pages={126--133},
	year={1996}
}

@article{smyth1997clustering,
	title={Clustering sequences with hidden Markov models},
	author={Smyth, Padhraic and others},
	journal={Advances in neural information processing systems},
	pages={648--654},
	year={1997},
	publisher={Citeseer}
}

@inproceedings{rabiner1989hmm,
	title={HMM clustering for connected word recognition},
	author={Rabiner, Lawrence R and Lee, CH and Juang, BH and Wilpon, JG},
	booktitle={Acoustics, Speech, and Signal Processing, 1989. ICASSP-89., 1989 International Conference on},
	pages={405--408},
	year={1989},
	organization={IEEE}
}

@article{tibshirani1996regression,
	title={Regression shrinkage and selection via the lasso},
	author={Tibshirani, Robert},
	journal={Journal of the Royal Statistical Society. Series B (Methodological)},
	pages={267--288},
	year={1996},
	publisher={JSTOR}
}

@inproceedings{eagle2015measuring,
	title={Measuring Implicit Science Learning with Networks of Player-Game Interactions},
	author={Eagle, Michael and Rowe, Elizabeth and Hicks, Drew and Brown, Rebecca and Barnes, Tiffany and Asbell-Clarke, Jodi and Edwards, Teon},
	booktitle={Proceedings of the 2015 Annual Symposium on Computer-Human Interaction in Play},
	pages={499--504},
	year={2015},
	organization={ACM}
}

@inproceedings{patwary2012new,
	title={A new scalable parallel DBSCAN algorithm using the disjoint-set data structure},
	author={Patwary, Mostofa and Palsetia, Diana and Agrawal, Ankit and Liao, Wei-keng and Manne, Fredrik and Choudhary, Alok},
	booktitle={High Performance Computing, Networking, Storage and Analysis (SC), 2012 International Conference for},
	pages={1--11},
	year={2012},
	organization={IEEE}
}

@inproceedings{dai2012efficient,
	title={Efficient map/reduce-based dbscan algorithm with optimized data partition},
	author={Dai, Bi-Ru and Lin, I and others},
	booktitle={Cloud Computing (CLOUD), 2012 IEEE 5th International Conference on},
	pages={59--66},
	year={2012},
	organization={IEEE}
}

@incollection{bicego2003similarity,
	title={Similarity-based clustering of sequences using hidden Markov models},
	author={Bicego, Manuele and Murino, Vittorio and Figueiredo, M{\'a}rio AT},
	booktitle={Machine learning and data mining in pattern recognition},
	pages={86--95},
	year={2003},
	publisher={Springer}
}

@article{smyth1997clustering,
	title={Clustering sequences with hidden Markov models},
	author={Smyth, Padhraic and others},
	journal={Advances in neural information processing systems},
	pages={648--654},
	year={1997},
	publisher={Citeseer}
}